@article{p2p-bitcoin,
   author = "Satoshi Nakamoto",
   title = "Bitcoin: A Peer-to-Peer Electronic Cash System"
}

@article{x-org-workflow,
   author = "Gilbert Fridgen; Sven Radszuwill; Nils Urbach; Lena Utz",
   title = "Cross-Organizational Workflow Management Using Blockchain Technology-Towards Applicability, Auditability, and Automation",
    journal = "Proceedings of the 51st Hawaii International Conference on System Sciences",
    year = 2018
}

@article{collab-bw-adversaries,
   author = "Mads Frederik Madsen; Mikkel Gaub; Trondur Hognason; Malthe Ettrup Kirkbro; Tijs Slaats; Soren Debois",
   title = "Collaboration among Adversaries: Distributed Workflow Execution on a Blockchain",
}

@article{gdpr-compliant,
   author = "Florian Guggenmos; Annette Wenninger; Alexander Rieger; Gilbert Fridgen; Jannik Lockl",
   title = "How to Develop a GDPR-Compliant Blockchain Solution for Cross-Organizational Workflow Management: Evidence from the German Asylum Procedure",
    journal = "53rd Hawaii International Conference on System Sciences",
    year = 2020
}

@article{totem,
   author = "Dhanya Therese Jose; Antorweep Chakravorty; Chunming Rong",
   title = "TOTEM : Token for controlled computation: Integrating Blockchain with Big Data",
    journal = "10th International Conference on Computing, Communication and Networking Technologies (ICCCNT)",
    year = 2019
}

@article{secure-computed-blockchain,
   author = "Jorgen Holme",
   title = "Secure Distributed Computing Managed by Blockchain",
    year = 2020
}

@article{blind-signatures,
   author = "David Chaum",
   title = "Blind Signatures for Untraceable Payments",
    year = 1982
}

@article{secure-names,
   author = "Stuart Haber, W. Scott Stornetta",
   title = "Secure Names for Bit-Strings",
    year = 1993
}

@misc{jupyterflow,
  title = {JupyterFlow - Better way to scale your ML job},
  year = {2021},
  url = {https://coffeewhale.com/kubernetes/mlops/2021/03/02/mlops-jupyterflow-en/}
}

@misc{fabric-network,
  title = {How Fabric networks are structured},
  year = {2021},
  url = {https://hyperledger-fabric.readthedocs.io/en/latest/network/network.html}
}

@misc{ibm-hyperledger,
  title = {What is Hyperledger},
  url = {https://www.ibm.com/topics/hyperledger}
}

@misc{jupyter,
  title = {Project Jupyter},
  url = {https://jupyter.org/}
}

@misc{argo-exit-handler,
  title = {Exit Handlers},
  url = {https://argoproj.github.io/argo-workflows/walk-through/exit-handlers/}
}

@misc{nft-thesis,
  title = {NFT-Thesis},
  url = {https://github.com/asahicantu/NFT-Thesis}
}

@misc{web3.0,
  title = {Web2.0 vs Web3.0},
  url = {https://ethereum.org/en/developers/docs/web2-vs-web3/}
}